@article{MVC, 
title={IMPLEMENTASI MODEL-VIEW-CONTROLLER (MVC) PADA UJIAN ONLINE MELALUI PENERAPAN FRAMEWORK CODEIGNITER}, 
volume={1}, 
url={https://ojs.cbn.ac.id/index.php/jukanti/article/view/5%7D}, 
DOI={10.37792/jukanti.v1i1.5}, 
number={1}, 
journal={Jurnal Pendidikan Teknologi Informasi (JUKANTI)}, 
author={Kelen, Laberto}, 
year={2018}, 
month={Mar.}, 
pages={10–16} 
}

@article{MVVM,
    author = {Arief Rahman Fajri and Septia Rani},
    title = {Penerapan Design Pattern MVVM dan Clean Architecture pada Pengembangan Aplikasi Android (Studi Kasus: Aplikasi Agree Partner)},
    number = {16},
    journal = {Automata: Disemasi Tugas Akhir Mahasiswa},
    year = {2022},
    pages = {8},
}

@article{Perbandingan1,
title={Perbandingan Kinerja Pola Perancangan MVC, MVP, dan MVVM Pada Aplikasi Berbasis Android (Studi kasus : Aplikasi Laporan Hasil Belajar Siswa SMA BSS)}, 
volume={4}, 
url={https://j-ptiik.ub.ac.id/index.php/j-ptiik/article/view/8237%7D}, 
number={11}, 
journal={Jurnal Pengembangan Teknologi Informasi dan Ilmu Komputer}, 
author={Putra Surya, Bahrur Rizki and Kharisma, Agi Putra and Yudistira, Novanto}, 
year={2020}, 
month={Nov}, 
pages={4089–4095} 
}

@article{MVVM2,
  title={PENERAPAN POLA ARSITEKTUR MVVM PADA PERANCANGAN APLIKASI PENGADUAN MASYARAKAT BERBASIS ANDROID},
  author={Irya Muhammad Riyadhi and Intan Purnamasari and Kamal Prihandani},
  journal={INFOTECH journal},
  year={2023},
  url={https://api.semanticscholar.org/CorpusID:258662246%7D}
}

@article{Perbandingan2,
  title={A Comparison of Android Native App Architecture – MVC, MVP and MVVM},
  author={Tian Lou},
  year={2016},
  url={https://api.semanticscholar.org/CorpusID:64294688%7D}
}

@article{[Perbandingan3],
  title={Performance Comparison of Native Android Application on MVP and MVVM},
  author={Bambang Wisnuadhi and Ghifari Munawar and Ujang Wahyu},
  year={2020},
  booktitle={Proceedings of the International Seminar of Science and Applied Technology (ISSAT 2020)},
  pages={276-282},
  issn={2352-5401},
  isbn={978-94-6239-307-3},
  url={https://doi.org/10.2991/aer.k.201221.047%7D},
  doi={10.2991/aer.k.201221.047},
  publisher={Atlantis Press}
}

@article{Perbandingan4,
	author = {Gloria Arcos-Medina and Jorge Menéndez and Javier Vallejo},
	title = {Comparative Study of Performance and Productivity of MVC and MVVM Design Patterns},
	journal = {KnE Engineering},
	day = {30},
	month = {1},
	year = {2018},
	doi = {10.18502/keg.v1i2.1498},
	pages = {241--252},
}